@misc{ RaspberryPi,
	author={{Raspberry Pi Foundation}},
	title={Raspberry Pi - Teach, Learn, and Make with Raspberry Pi},
	url={https://www.raspberrypi.org/},
	year=2017
}

@misc{ scrum,
	author={{Scrum Alliance}},
	title={What is Scrum? An Agile Framework for Completing Complex Projects},
	url={https://www.scrumalliance.org/why-scrum},
	year=2017
}

@misc{ knmi-min-feb,
	author={{KNMI}},
	title={{Langjarig gemiddelde 1981-2010, gemiddelde minimumtemperatuur,
februari}},
	url={http://www.klimaatatlas.nl/kaart/temperatuur/tn_feb_8110.png},
	year=2011
}

@misc{ knmi-max-aug,
	author={{KNMI}},
	title={{Langjarig gemiddelde 1981-2010, gemiddelde maximumtemperatuur,
augustus}},
	url={http://www.klimaatatlas.nl/kaart/temperatuur/tx_aug_8110.png},
	year=2011
}

@misc{ knmi-relh,
	author={{KNMI}},
	title={{Langjarig gemiddelde 1981-2010, gemiddelde relatieve vochtigheid om
12 UT per seizoen, zomer}},
	url={http://www.klimaatatlas.nl/kaart/vocht/rv12_8110_zom.png},
	year=2011
}

@misc{ BananaPi, 
	author={{Sinovoip}},
	title={{Banana Pi - BPI Single Board Computers Official Website}},
	url={http://www.banana-pi.org/},
	year=2017
}

@misc{ Arduino,
	author={{Arduino}},
	title={{Arduino Mega}},
	url={https://www.arduino.cc/en/Main/arduinoBoardMega},
	year=2017
}

@manual{ AtMega,
	author={{Atmel Corporation}},
	title={8-bit microcontroller},
	number={ATmega48A/{-}PA/{-}88A/{-}PA/{-}168A/{-}PA/{-}328/{-}P},
	year=2015,
	month=11,
	note={Rev. 8271J},
	url={http://www.atmel.com/images/Atmel-8271-8-bit-AVR-Microcontroller-ATmega48A-48PA-88A-88PA-168A-168PA-328-328P_datasheet_Complete.pdf},
}

@misc{ Raspbian,
	author={{Raspberry Pi Foundation}},
	title={{Download Raspbian for Raspberry Pi}},
	url={https://www.raspberrypi.org/downloads/raspbian/},
	year=2017
}
@misc{Debian,
	author={{Software in the Public Interest, Inc.}},
	title={{Debian -- The Universal Operating System}},
	url={https://www.debian.org/},
	year=2017
}

@misc{Git,
	author={{Software Freedom Conservancy, Inc.}},
	title={Git},
	url={https://git-scm.com/},
	year=2017
}

@misc{Mollier,
	author={{The Engineering Toolbox}},
	title={Mollier Diagram},
	url={https://www.engineeringtoolbox.com/psychrometric-chart-mollier-d_27.html},
	year=2017
}

@misc{tube-heater,
	author={{Electricfor, S.A.}},
	title={{Air heaters - Electricfor - Electric heating elements}},
	url={http://www.electricfor.com/en/333325/Air-heaters.htm},
	year=2017
}

@misc{ceramic-heater,
	author={{Conrad Electronic International GmbH \& Co. KG}},
	title={{Heating element 12 Vdc 150 W}},
	url={http://www.conrad.com/ce/en/product/532894/Heating-element----12-Vdc----150-W----L-x-W-x-H-90-x-27-x-17-mm},
	year=2017
}

@misc{wire-heater,
	author={{Conrad Electronic International GmbH \& Co. KG}},
	title={{Resistance wire \SI{5.65}{\ohm\m}}},
	url={http://www.conrad.com/ce/en/product/421201/Resistance-wire------------565-m},
	year=2017
}

@manual{ Transistor,
	author={{Semiconductor Components Industries, LLC}},
	title={Plastic Medium-Power Complementary Silicon Transistors},
	number={TIP120, TIP121, TIP122 (NPN); TIP125, TIP126, TIP127 (PNP)},
	year=2014,
	month=11,
	note={Rev. 9},
	url={https://www.onsemi.com/pub/Collateral/TIP120-D.PDF}
}

@misc{Heating,
	author={{Conrad Electronic International GmbH \& Co. KG}},
	title={{PTC Heat Element (Beehive type). DC 12V Ceramic element}},
	url={http://www.produktinfo.conrad.com/datenblaetter/525000-549999/532894-da-01-en-Keramik_Heizelement_12V_150W.pdf},
	year=2003,
	month=11,
	day=20
}

@manual{FQP30N06L,
	author={{Fairchild Semiconductor Corporation}},
	title={{N-Channel QFET MOSFET}},
	number={FQP30N06L},
	year=2013,
	month=11,
	day=4,
	note={Rev. C1},
	url={http://www.farnell.com/datasheets/2299856.pdf}
}

@manual{HDC1010,
	author={{Texas Instruments Inc.}},
	title={{Low Power, High Accuracy Digital Humidity Sensor with Temperature Sensor}},
	number={HDC1010},
	year=2016,
	month=8,
	note={Rev. A},
	url={http://www.ti.com/lit/ds/snas685a/snas685a.pdf}
}

@manual{Si7021,
	author={{Silicon Laboratories Inc}},
	title={{I2C Humidity and Temperature Sensor}},
	number={Si7021-A20},
	year=2016,
	month=8,
	note={Rev. 1.2},
	url={https://www.silabs.com/documents/public/data-sheets/Si7021-A20.pdf}
}

@manual{TCA9548A,
	author={{Texas Instruments Inc.}},
	title={{Low-Voltage 8-Channel I2C Switch with Reset}},
	number={TCA9548A},
	year=2016,
	month=11,
	note={Rev. F},
	url={http://www.ti.com/lit/ds/symlink/tca9548a.pdf}
}

